     @misc{icp_article,
         author = {Yun-Ting Wang, Chao-Chung Peng, Ankit A. Ravankar and Abhijeet Ravankar},
         title = {A Single LiDAR-Based Feature Fusion Indoor Localization Algorithm},
         howpublished = {\url{https://www.ncbi.nlm.nih.gov/pmc/articles/PMC5949039/}},
  note = {Accessed: 10.05.2020}
}